101 02100002115000000012203042315A094101JPMORGAN CHASE BANK    Automated Test Tenant  00000000
5225Automated Test T                    1500000001WEBPMT0001202220307220307   1021000020000000
6270360018081562401176       000002580012207856       test                  S 0021000020000000
6270360018081951249518       000003260012207853       test                  S 0021000020000001
6270360018081527222372       000003850012207854       test                  S 0021000020000002
6270360018081469395651       000002950012207855       test                  S 0021000020000003
6270360018081284556727       000002810012207857       test                  S 0021000020000004
6270360018081566229718       000003580012207858       test                  S 0021000020000005
6270360018081736217585       000002990012207859       test                  S 0021000020000006
6270360018081674482430       000003920012207861       test                  S 0021000020000007
6270360018081453583871       000002970012207860       test                  S 0021000020000008
6270360018081410865585       000004560012207862       test                  S 0021000020000009
6270360018081948050699       000003400012207866       test                  S 0021000020000010
6270360018081961682604       000003260012207865       test                  S 0021000020000011
6270360018081732052761       000004000012207864       test                  S 0021000020000012
6270360018081349024338       000002860012207863       test                  S 0021000020000013
6270360018081824445914       000003130012207867       test                  S 0021000020000014
6270360018081322952193       000003330012207868       test                  S 0021000020000015
6270360018081824349128       000002790012207869       test                  S 0021000020000016
6270360018081031434613       000003480012207870       test                  S 0021000020000017
6270360018081585877518       000002600012207871       test                  S 0021000020000018
6270360018081651989039       000002900012207872       test                  S 0021000020000019
822500002000720036000000006522000000000000001500000001                         021000020000000
9000001000002000000220072003600000000652200000000000000                                       
9999999999999999999999999999999999999999999999999999999999999999999999999999999999999999999999
9999999999999999999999999999999999999999999999999999999999999999999999999999999999999999999999
9999999999999999999999999999999999999999999999999999999999999999999999999999999999999999999999
9999999999999999999999999999999999999999999999999999999999999999999999999999999999999999999999
9999999999999999999999999999999999999999999999999999999999999999999999999999999999999999999999
9999999999999999999999999999999999999999999999999999999999999999999999999999999999999999999999