101002100002115000000012203042300A094101JPMORGAN CHASE BANK    Automated Test Tenant  00000000
5225Automated Test T                    1500000001WEBPMT0001202220307220307   1021000020000000
6270360018081694028352       000002840012207465       test                  S 0021000020000000
6270360018081519134622       000003070012207462       test                  S 0021000020000001
6270360018081301634997       000003890012207467       test                  S 0021000020000002
6270360018081818865118       000003170012207464       test                  S 0021000020000003
6270360018081624263833       000003400012207463       test                  S 0021000020000004
6270360018081950137600       000002690012207466       test                  S 0021000020000005
6270360018081539515389       000002660012207468       test                  S 0021000020000006
6270360018081990539474       000003030012207471       test                  S 0021000020000007
6270360018081177935353       000003680012207470       test                  S 0021000020000008
6270360018081246920864       000003140012207473       test                  S 0021000020000009
6270360018081580253247       000003470012207472       test                  S 0021000020000010
6270360018081832493310       000003860012207475       test                  S 0021000020000011
6270360018081723526185       000003450012207476       test                  S 0021000020000012
6270360018081453583871       000001360012207474       test                  S 0021000020000013
6270360018081176239391       000003320012207478       test                  S 0021000020000014
6270360018081063852212       000003680012207484       test                  S 0021000020000015
6270360018081450729345       000003130012207482       test                  S 0021000020000016
6270360018081706869557       000000540012207001       test                  S 0021000020000017
6270360018081428953493       000003410012207480       test                  S 0021000020000018
6270360018081576380638       000003170012207481       test                  S 0021000020000019
6270360018081503550473       000003720012207483       test                  S 0021000020000020
6270360018081034249282       000003990012207485       test                  S 0021000020000021
822500002200792039600000006867000000000000001500000001                         021000020000000
9000001000003000000220078203960000000686700000000000000                                       
9999999999999999999999999999999999999999999999999999999999999999999999999999999999999999999999
9999999999999999999999999999999999999999999999999999999999999999999999999999999999999999999999
9999999999999999999999999999999999999999999999999999999999999999999999999999999999999999999999
9999999999999999999999999999999999999999999999999999999999999999999999999999999999999999999999