101 02100002115115180202201252315A094101JPMORGAN CHASE BANK    QA testing tenant      00000000
5225QA testing tenan                    1511518020PPDPMT0001202220126220126   1021000020000000
627021000021999999997        000003251812138500       Barry Test Gardner      0021000020000000
822500000100021000020000000325180000000000001511518020                         021000020000000
9000001000001000000010002100002000000032518000000000000                                       
9999999999999999999999999999999999999999999999999999999999999999999999999999999999999999999999
9999999999999999999999999999999999999999999999999999999999999999999999999999999999999999999999
9999999999999999999999999999999999999999999999999999999999999999999999999999999999999999999999
9999999999999999999999999999999999999999999999999999999999999999999999999999999999999999999999
9999999999999999999999999999999999999999999999999999999999999999999999999999999999999999999999