101 02100002115000000012203050100A094101JPMORGAN CHASE BANK    Automated Test Tenant  00000000
5225Automated Test T                    1500000001WEBPMT0001202220307220307   1021000020000000
6270360018081345184412       000003520012209391       test                  S 0021000020000000
6270360018081415236777       000002880012209394       test                  S 0021000020000001
6270360018081257717310       000003500012209390       test                  S 0021000020000002
6270360018081767259381       000004010012209392       test                  S 0021000020000003
6270360018081367754905       000003680012209389       test                  S 0021000020000004
6270360018081373463524       000003630012209395       test                  S 0021000020000005
6270360018081020594877       000003110012209393       test                  S 0021000020000006
6270360018081557784705       000003490012209396       test                  S 0021000020000007
6270360018081508263651       000003830012209398       test                  S 0021000020000008
6270360018081878120329       000002810012209397       test                  S 0021000020000009
6270360018081489443580       000003660012209400       test                  S 0021000020000010
6270360018081777292506       000000190012209341       test                  S 0021000020000011
6270360018081699168854       000003960012209399       test                  S 0021000020000012
6270360018081052428284       000003740012209401       test                  S 0021000020000013
6270360018081520864313       000002940012209402       test                  S 0021000020000014
6270360018081248645233       000002620012209403       test                  S 0021000020000015
6270360018081153003682       000003440012209404       test                  S 0021000020000016
6270360018081509453513       000003220012209406       test                  S 0021000020000017
6270360018081611613194       000003320012209407       test                  S 0021000020000018
6270360018081384739179       000002780012209408       test                  S 0021000020000019
6270360018081250896551       000003060012209405       test                  S 0021000020000020
6270360018081838698075       000002970012209409       test                  S 0021000020000021
6270360018081808647812       000004130012209410       test                  S 0021000020000022
6270360018081169978280       000003580012209411       test                  S 0021000020000023
6270360018081098724176       000002780012209413       test                  S 0021000020000024
6270360018081834771906       000003840012209412       test                  S 0021000020000025
6270360018081182537147       000003690012209414       test                  S 0021000020000026
6270360018081885679195       000003900012209415       test                  S 0021000020000027
6270360018081583034176       000003610012209416       test                  S 0021000020000028
6270360018081574562331       000003680012209417       test                  S 0021000020000029
6270360018081507144581       000004120012209418       test                  S 0021000020000030
6270360018081729711791       000003110012209419       test                  S 0021000020000031
6270360018081532089614       000002980012209420       test                  S 0021000020000032
6270360018081367081395       000002730012209422       test                  S 0021000020000033
6270360018081914972305       000003200012209421       test                  S 0021000020000034
6270360018081116441035       000004300012209423       test                  S 0021000020000035
6270360018081614628610       000002980012209425       test                  S 0021000020000036
6270360018081463487331       000003400012209424       test                  S 0021000020000037
6270360018081659630595       000003530012209426       test                  S 0021000020000038
6270360018081208540183       000002970012209427       test                  S 0021000020000039
6270360018081655032047       000004340012209429       test                  S 0021000020000040
6270360018081621786454       000003480012209428       test                  S 0021000020000041
6270360018081397229278       000002920012209431       test                  S 0021000020000042
6270360018081598335163       000003580012209433       test                  S 0021000020000043
6270360018081695212277       000003320012209432       test                  S 0021000020000044
6270360018081780117077       000002540012209434       test                  S 0021000020000045
6270360018081352131441       000003060012209435       test                  S 0021000020000046
6270360018081338554636       000003020012209437       test                  S 0021000020000047
6270360018081524683379       000003310012209436       test                  S 0021000020000048
6270360018081264527169       000003380012209438       test                  S 0021000020000049
6270360018081110202545       000002160012209440       test                  S 0021000020000050
6270360018081233141331       000003780012209439       test                  S 0021000020000051
6270360018081352736019       000003130012209442       test                  S 0021000020000052
6270360018081608119784       000003950012209441       test                  S 0021000020000053
6270360018081775613598       000003050012209444       test                  S 0021000020000054
6270360018081024941798       000004030012209443       test                  S 0021000020000055
6270360018081150375423       000002740012209446       test                  S 0021000020000056
6270360018081203969145       000003000012209445       test                  S 0021000020000057
6270360018081436640016       000003860012209447       test                  S 0021000020000058
6270360018081152212654       000002620012209448       test                  S 0021000020000059
6270360018081944389838       000003640012209450       test                  S 0021000020000060
6270360018081302746054       000002970012209449       test                  S 0021000020000061
6270360018081873984934       000003770012209451       test                  S 0021000020000062
6270360018081815209244       000004200012209452       test                  S 0021000020000063
6270360018081311116634       000003140012209454       test                  S 0021000020000064
6270360018081414524333       000003910012209457       test                  S 0021000020000065
6270360018081282052357       000003500012209453       test                  S 0021000020000066
6270360018081372671773       000002560012209456       test                  S 0021000020000067
6270360018081111658900       000003370012209455       test                  S 0021000020000068
6270360018081710511706       000003310012209458       test                  S 0021000020000069
6270360018081468853918       000003740012209459       test                  S 0021000020000070
822500007102556127800000023627000000000000001500000001                         021000020000000
9000001000008000000710255612780000002362700000000000000                                       
9999999999999999999999999999999999999999999999999999999999999999999999999999999999999999999999
9999999999999999999999999999999999999999999999999999999999999999999999999999999999999999999999
9999999999999999999999999999999999999999999999999999999999999999999999999999999999999999999999
9999999999999999999999999999999999999999999999999999999999999999999999999999999999999999999999
9999999999999999999999999999999999999999999999999999999999999999999999999999999999999999999999